<record><leader>00000cas a2200000 a 4500</leader><controlfield tag="001">12571433</controlfield><controlfield tag="008">850918d18571861wiuwr ne      0    0eng c</controlfield><datafield ind1=" " ind2=" " tag="010"><subfield code="a">sn 85041036 </subfield></datafield><datafield ind1=" " ind2=" " tag="040"><subfield code="a">NPV</subfield><subfield code="b">eng</subfield><subfield code="c">NPV</subfield><subfield code="d">CUI</subfield><subfield code="d">OCLCQ</subfield><subfield code="d">OCLCF</subfield></datafield><datafield ind1="1" ind2=" " tag="029"><subfield code="a">AU@</subfield><subfield code="b">000025809023</subfield></datafield><datafield ind1=" " ind2=" " tag="042"><subfield code="a">pcc</subfield></datafield><datafield ind1=" " ind2=" " tag="043"><subfield code="a">n-us-wi</subfield></datafield><datafield ind1=" " ind2=" " tag="045"><subfield code="a">w5w6</subfield></datafield><datafield ind1=" " ind2="4" tag="050"><subfield code="a">AN</subfield></datafield><datafield ind1=" " ind2=" " tag="052"><subfield code="a">4123</subfield><subfield code="b">C6</subfield></datafield><datafield ind1="0" ind2="0" tag="245"><subfield code="a">Portage city record.</subfield></datafield><datafield ind1="3" ind2=" " tag="246"><subfield code="a">City record</subfield></datafield><datafield ind1=" " ind2=" " tag="260"><subfield code="a">Portage, Columbia County, Wis. :</subfield><subfield code="b">R.B. Wentworth,</subfield><subfield code="c">1857-1861.</subfield></datafield><datafield ind1=" " ind2=" " tag="300"><subfield code="a">4 v.</subfield></datafield><datafield ind1=" " ind2=" " tag="310"><subfield code="a">Weekly</subfield></datafield><datafield ind1="0" ind2=" " tag="362"><subfield code="a">Vol. 1, no. 1 (Apr. 29, 1857)-v. 4, no. 52 (Apr. 17, 1861).</subfield></datafield><datafield ind1=" " ind2=" " tag="500"><subfield code="a">Editors: M.M. Davis &amp; A.J. Turner, April 29-Nov. 4, 1857; R.B. Wentworth, Dec. 9, 1857-&lt;April 20, 1859&gt;; R.B. Wentworth &amp; A.J. Turner, &lt;Aug. 31, 1859&gt;.</subfield></datafield><datafield ind1=" " ind2=" " tag="530"><subfield code="a">Available on microfilm from The State Historical Society of Wisconsin.</subfield></datafield><datafield ind1=" " ind2="0" tag="651"><subfield code="a">Portage (Wis.)</subfield><subfield code="v">Newspapers.</subfield></datafield><datafield ind1=" " ind2="0" tag="651"><subfield code="a">Columbia County (Wis.)</subfield><subfield code="v">Newspapers.</subfield></datafield><datafield ind1=" " ind2="7" tag="655"><subfield code="a">Newspapers.</subfield><subfield code="2">fast</subfield><subfield code="0">(OCoLC)fst01423814</subfield></datafield><datafield ind1=" " ind2="7" tag="651"><subfield code="a">Wisconsin</subfield><subfield code="z">Columbia County.</subfield><subfield code="2">fast</subfield><subfield code="0">(OCoLC)fst01205460</subfield></datafield><datafield ind1=" " ind2="7" tag="651"><subfield code="a">Wisconsin</subfield><subfield code="z">Portage.</subfield><subfield code="2">fast</subfield><subfield code="0">(OCoLC)fst01212879</subfield></datafield><datafield ind1=" " ind2=" " tag="752"><subfield code="a">United States</subfield><subfield code="b">Wisconsin</subfield><subfield code="c">Columbia</subfield><subfield code="d">Portage.</subfield></datafield><datafield ind1="0" ind2="4" tag="785"><subfield code="t">Wisconsin state register (Portage, Wis. : 1861)</subfield><subfield code="w">(DLC)sn 85041339</subfield><subfield code="w">(OCoLC)12739610</subfield></datafield></record>